@inproceedings{klein2003accurate,
  title={Accurate unlexicalized parsing},
  author={Klein, Dan and Manning, Christopher D.},
  booktitle={Proceedings of ACL},
  volume={1},
  pages={423--430},
  year={ 2003},
}


@inproceedings{sangati2011,
  title={Accurate parsing with compact tree-substitution grammars: Double-DOP},
  author={Sangati, Federico and Zuidema, Willem},
  booktitle={Proceedings of the Conference on Empirical Methods in Natural Language Processing},
  pages={84--95},
  year={ 2011},
  organization={Association for Computational Linguistics}
}

@inproceedings{cranenburgh2011,
  title={Discontinuous Data-Oriented Parsing: A mildly context-sensitive all-fragments grammar},
  author={van Cranenburgh, Andreas and Scha, Remko and Sangati, Federico},
  booktitle={Proceedings of the Second Workshop on Statistical Parsing of Morphologically Rich Languages},
  pages={34--44},
  year={ 2011},
  organization={Association for Computational Linguistics}
}

@article{zollmann2005,
  title={A consistent and efficient estimator for data-oriented parsing},
  author={Zollmann, Andreas and Sima'an, Khalil},
  journal={Journal of Automata, Languages and Combinatorics},
  volume={10},
  number={2/3},
  pages={367--388},
  year={ 2005}
}

@article{scha1990,
  title={Language theory and language technology; competence and performance},
  author={Scha, Remko},
  journal={Computertoepassingen in de Neerlandistiek, Almere: Landelijke Vereniging van Neerlandici (LVVN-jaarboek)},
  volume={11},
  pages={7--22},
  year={ 1990},
note = {Original title: Taaltheorie en taaltechnologie; competence en performance}
}

@inproceedings{zuidema2006,
  title={Theoretical evaluation of estimation methods for Data-Oriented Parsing},
  author={Zuidema, Willem},
  booktitle={Proceedings of the Eleventh Conference of the European Chapter of the Association for Computational Linguistics: Posters \& Demonstrations},
  pages={183--186},
  year={ 2006},
  organization={Association for Computational Linguistics}
}

@article{johnson2002,
  title={The DOP estimation method is biased and inconsistent},
  author={Johnson, Mark},
  journal={Computational Linguistics},
  volume={28},
  number={1},
  pages={71--76},
  year={ 2002},
  publisher={MIT Press}
}

